<?xml version="1.0" encoding="UTF-8"?><collection xmlns="http://www.loc.gov/MARC21/slim"><record><leader>00454nam--2200169-i-4500</leader><controlfield tag="001">000012729</controlfield><controlfield tag="002">20161230</controlfield><controlfield tag="005">20161230201029</controlfield><controlfield tag="008">060222s1000------------r-----000-0-eng-d</controlfield><datafield ind1=" " ind2=" " tag="040"><subfield code="a">IFIN-HH</subfield></datafield><datafield ind1="1" ind2=" " tag="100"><subfield code="a">Resibois, P</subfield></datafield><datafield ind1="1" ind2="0" tag="245"><subfield code="a">Classical kinetic theory of fluids</subfield><subfield code="c">P. resibois, m. de leener</subfield></datafield><datafield ind1=" " ind2=" " tag="260"><subfield code="a">New York, John Willey &amp; Sons, Inc., 1977</subfield></datafield><datafield ind1=" " ind2=" " tag="300"><subfield code="a">XV+412P</subfield></datafield><datafield ind1="1" ind2=" " tag="700"><subfield code="a">De Leener, M</subfield></datafield><datafield ind1=" " ind2=" " tag="852"><subfield code="a">46227</subfield><subfield code="c">532</subfield></datafield><datafield ind1=" " ind2=" " tag="CAT"><subfield code="a">Sys</subfield><subfield code="c">20100721</subfield><subfield code="h">140030</subfield></datafield></record></collection>